
@article{baeldung_pmx,
  title={Partial Mapped Crossover (PMX) in Genetic Algorithms},
  author={Mohamed Helmy},
  site={Baeldung},
  year={2021},
  url={https://www.baeldung.com/cs/pmx-crossover}

}

@misc{ordered_crossover_stackoverflow, 
   url={https://stackoverflow.com/a/26521576/23331060},
   title={Stack overflow},
   year={2014}
}

@book{genetic_algorithm_afternoon,
  author = {Jason Brownlee},
  title = {Genetic Algorithm Afternoon: A Practical Guide for Software Developers},
  publisher = {AlgorithmAfternoon.com},
  year = {2024}
}

@misc{heidelberg_university_best_known,
  author = {Heidelberg University},
  howpublished = {Online},
  title = {TSPLIB95: Traveling Salesman Problem Library},
  year = {2007},
  url = {http://comopt.ifi.uni-heidelberg.de/software/TSPLIB95/STSP.html}
}


